<record><leader>00000cas a2200000 a 4500</leader><controlfield tag="001">38869694</controlfield><controlfield tag="008">980330d19781979caudn ne      0    0eng c</controlfield><datafield ind1=" " ind2=" " tag="010"><subfield code="a">sn 98061812 </subfield></datafield><datafield ind1=" " ind2=" " tag="040"><subfield code="a">CNK</subfield><subfield code="b">eng</subfield><subfield code="c">CNK</subfield><subfield code="d">OCLCQ</subfield><subfield code="d">CNK</subfield><subfield code="d">CRU</subfield><subfield code="d">OCLCQ</subfield><subfield code="d">OCLCF</subfield><subfield code="d">OCLCO</subfield></datafield><datafield ind1="1" ind2=" " tag="029"><subfield code="a">AU@</subfield><subfield code="b">000013908143</subfield></datafield><datafield ind1=" " ind2=" " tag="042"><subfield code="a">pcc</subfield></datafield><datafield ind1=" " ind2=" " tag="043"><subfield code="a">n-us-ca</subfield></datafield><datafield ind1="1" ind2="4" tag="050"><subfield code="a">AN1.C36</subfield><subfield code="b">P4431</subfield></datafield><datafield ind1="0" ind2=" " tag="130"><subfield code="a">Times (Walnut Creek, Calif.)</subfield></datafield><datafield ind1="1" ind2="4" tag="245"><subfield code="a">The times.</subfield></datafield><datafield ind1="1" ind2=" " tag="246"><subfield code="i">Published on Sundays as:</subfield><subfield code="a">Sunday times</subfield><subfield code="f">Mar. 19, 1978-July 15, 1979</subfield></datafield><datafield ind1=" " ind2=" " tag="260"><subfield code="a">Walnut Creek, CA :</subfield><subfield code="b">East Bay Newspapers</subfield></datafield><datafield ind1=" " ind2=" " tag="300"><subfield code="a">v.</subfield></datafield><datafield ind1=" " ind2=" " tag="310"><subfield code="a">Daily (except Sat. and Mon.)</subfield></datafield><datafield ind1="0" ind2=" " tag="362"><subfield code="a">Vol. 93, no. 56 (Mar. 19, 1978)-v. 94, no. 140 (July 15, 1979).</subfield></datafield><datafield ind1=" " ind2=" " tag="500"><subfield code="a">First issue published as: Sunday times.</subfield></datafield><datafield ind1=" " ind2=" " tag="530"><subfield code="a">Master negatives are available for duplication from:</subfield><subfield code="b">California Newspaper Microfilm Archive;</subfield><subfield code="c">positive copies may be purchased by the reel; for further information consult the CNMA at:</subfield><subfield code="u">http://cbsr.ucr.edu</subfield></datafield><datafield ind1=" " ind2="0" tag="651"><subfield code="a">San Ramon Valley (Calif.)</subfield><subfield code="v">Newspapers.</subfield></datafield><datafield ind1=" " ind2="7" tag="655"><subfield code="a">Newspapers.</subfield><subfield code="2">fast</subfield><subfield code="0">(OCoLC)fst01423814</subfield></datafield><datafield ind1=" " ind2="7" tag="651"><subfield code="a">California</subfield><subfield code="z">San Ramon Valley.</subfield><subfield code="2">fast</subfield><subfield code="0">(OCoLC)fst01242434</subfield></datafield><datafield ind1=" " ind2=" " tag="752"><subfield code="a">United States</subfield><subfield code="b">California</subfield><subfield code="c">Contra Costa</subfield><subfield code="d">Walnut Creek.</subfield></datafield><datafield ind1="0" ind2="0" tag="780"><subfield code="t">Valley times (Dublin, Calif.)</subfield><subfield code="w">(DLC)sn 98061811</subfield></datafield><datafield ind1="0" ind2="0" tag="785"><subfield code="t">Valley times (Walnut Creek, Calif.)</subfield><subfield code="w">(DLC)sn 95062642</subfield></datafield></record>